<?xml version="1.0" encoding="UTF-8"?><record xmlns="http://www.loc.gov/MARC21/slim" xmlns:cinclude="http://apache.org/cocoon/include/1.0" xmlns:zs="http://www.loc.gov/zing/srw/">
  <leader>00640cz  a2200157n  4500</leader>
  <controlfield tag="001">n 2005210641</controlfield>
  <controlfield tag="003">DLC</controlfield>
  <controlfield tag="005">20101028074928.0</controlfield>
  <controlfield tag="008">051227n| acannaabn          |a aaa      </controlfield>
  <datafield tag="010" ind1=" " ind2=" ">
    <subfield code="a">n 2005210641</subfield>
  </datafield>
  <datafield tag="040" ind1=" " ind2=" ">
    <subfield code="a">DLC</subfield>
    <subfield code="b">eng</subfield>
    <subfield code="c">DLC</subfield>
  </datafield>
  <datafield tag="100" ind1="1" ind2=" ">
    <subfield code="a">Gaḍā,  Līlādhara Māṇeka,</subfield>
    <subfield code="d">1938-</subfield>
  </datafield>
  <datafield tag="400" ind1="0" ind2=" ">
    <subfield code="a">Līlādhara Māṇeka Gaḍā,</subfield>
    <subfield code="d">1938-</subfield>
  </datafield>
  <datafield tag="400" ind1="0" ind2=" ">
    <subfield code="a">Līlādhara Gaḍā,</subfield>
    <subfield code="d">1938-</subfield>
  </datafield>
  <datafield tag="400" ind1="1" ind2=" ">
    <subfield code="a">Gada, Liladhar Manek,</subfield>
    <subfield code="d">1938-</subfield>
  </datafield>
  <datafield tag="670" ind1=" " ind2=" ">
    <subfield code="a">Gaḍā, Līlādhara Māṇeka. Pagameṃ bhamarī, 2005:</subfield>
    <subfield code="b">t.p. (Līlādhara Māṇeka Gaḍā) prelim p. vi (Līlādhara Gaḍā) p. 4, cover (b. Nov. 7, 1938) t.p. verso (Liladhar Manek Gada)</subfield>
  </datafield>
</record>